\bibitem{texbook}

%article d'une conférence
@inproceedings{CpC,
author = {\'James Connor, John Duchi and Bruce Lo},
title = {Crossword Puzzles and Constraint Satisfaction},
url = {https://dept-info.labri.fr/~narbel/PdP/Subjects21-22/Crosswords/crossword_writeup.pdf},
year = {2005},
school = {Stanford University},
}

%article d'une conférence
@inproceedings{CpP,
author = {\'Ambulagan and Adi Botea},
title = {Crossword Puzzles as a Constraint Problem},
url = {https://dept-info.labri.fr/~narbel/PdP/Subjects21-22/Crosswords/CP08.pdf},
year = {2008},
school = {Australian National University},
}

%article d'une conférence
@inproceedings{CpL,
author = {\'Adam Beacham, Xinguand Chen and al.},
title = {Crossword Puzzles as a Constraint Problem},
url = {https://dept-info.labri.fr/~narbel/PdP/Subjects21-22/Crosswords/CP08.pdf},
year = {2008},
school = {Australian National University},
}

%article de journal
@article{CaI,
 author = {Matthew L. Ginsberg},
 title = {Crosswords and an Implemented Solver for Singly Weighted CSPs},
 journal = {Journal of Artificial Intelligence Research},
 issue_date = {2011},
 volume = {42},
 year = {2011},
 pages = {851-886},
 url = {https://dept-info.labri.fr/~narbel/PdP/Subjects21-22/Crosswords/1401.4597.pdf},
}

@misc{Ec,
    author = {Green Eclipse},
  title = {EclipseCrossword },
  year = {Last update in 2016},
  howpublished = {\url{https://www.microsoft.com/en-us/p/eclipsecrossword}},
  note = {Accessed: 11-03-2022}
}
https://www.mots-croises-online.com/fr/motscroises/logiciel.php

@misc{At,
    author = {Aragon-Technologies},
  title = {Mot croises online },
  year = {Last update in 2012},
  howpublished = {\url{https://www.mots-croises-online.com/fr/motscroises/logiciel.php}},
  note = {Accessed: 11-03-2022}
}

%site web
@misc{McG,
  title = {Mots croisés - Sport Cérébral },
  year = {Last update in 2022},
  howpublished = {\url{https://www.sportcerebral.com/mots-croises-gratuit}},
  note = {Accessed: 03-02-2022}
}

@misc{Cpm,
 author = {The Teacher's Corner},
  title = {Crossword Puzzle Maker },
  year = {Last update in 2022},
  howpublished = {\url{https://worksheets.theteacherscorner.net/make-your-own/crossword/lang-fr/}},
  note = {Accessed: 11-03-2022}
}

@misc{Cp,
 author = {Education.com},
  title = {Crossword Puzzle},
  year = {Last update in 2022},
  howpublished = {\url{https://www.education.com/worksheet-generator/reading/crossword-puzzle/}},
  note = {Accessed: 11-03-2022}
}


@misc{Cc,
 author = {Puzzel.org},
  title = {Crossword Create},
  year = {Last update in 2022},
  howpublished = {\url{https://puzzel.org/fr/crossword/create}},
  note = {Accessed: 11-03-2022}
}

@misc{Bd,
 author = {Saul Pwanson},
  title = {Database sources},
  year = {Last update in 2022},
  howpublished = {\url{https://xd.saul.pw/data/}},
  note = {Accessed: 18-03-2022}
}


%article d'une conférence
@inproceedings{Cpc,
author = {\'James Connor, John Duchi and Bruce Lo},
title = {Crossword Puzzles and Constraint Satisfaction},
url = {https://dept-info.labri.fr/~narbel/PdP/Subjects21-22/Crosswords/crossword_writeup.pdf},
year = {2005},
school = {Stanford University}
}


%site
@misc{QtD,
 author = {Qt},
  title = {Qt Cross-platform},
  year = {Last update in 2022},
  howpublished = {\url{https://www.qt.io/}},
  note = {Accessed: 14-03-2022}
}

@misc{NJs,
    author = {nlohmann},
  title = {JSON for Modern C++},
  year = {2022},
  howpublished = {\url{https://github.com/nlohmann/json}},
  note = {Accessed: 19-04-2022}
}

@misc{Dox,
    author = {Dimitri van Heesch},
  title = {Doxygen: Doxygen},
  year = {2022},
  howpublished = {\url{https://www.doxygen.nl/index.html}},
  note = {Accessed: 21-04-2022}
}

@misc{Gt,
 author = {GoogleTest},
  title = {GoogleTest},
  year = {Last update in 2022},
  howpublished ={\url{https://google.github.io/googletest/}},
  note = {Accessed: 21-04-2022}
}

